<record><leader>00000cas a22000007a 4500</leader><controlfield tag="001">31885849</controlfield><controlfield tag="008">950125d19061913caudn ne      0    0eng d</controlfield><datafield ind1=" " ind2=" " tag="010"><subfield code="a">sn 94052988 </subfield></datafield><datafield ind1=" " ind2=" " tag="040"><subfield code="a">CUY</subfield><subfield code="b">eng</subfield><subfield code="c">CNK</subfield><subfield code="d">OCLCQ</subfield><subfield code="d">OCLCF</subfield><subfield code="d">OCLCO</subfield></datafield><datafield ind1="1" ind2=" " tag="029"><subfield code="a">AU@</subfield><subfield code="b">000011525544</subfield></datafield><datafield ind1=" " ind2=" " tag="042"><subfield code="a">msc</subfield></datafield><datafield ind1=" " ind2=" " tag="043"><subfield code="a">n-us-ca</subfield></datafield><datafield ind1="0" ind2=" " tag="130"><subfield code="a">Berkeley independent (Berkeley, Calif.)</subfield></datafield><datafield ind1="1" ind2="4" tag="245"><subfield code="a">The Berkeley independent.</subfield></datafield><datafield ind1="3" ind2="0" tag="246"><subfield code="a">Berkeley reporter and the Berkeley independent</subfield></datafield><datafield ind1=" " ind2=" " tag="260"><subfield code="a">Berkeley [Calif.] :</subfield><subfield code="b">Berkeley Independent</subfield></datafield><datafield ind1=" " ind2=" " tag="300"><subfield code="a">v.</subfield></datafield><datafield ind1=" " ind2=" " tag="310"><subfield code="a">Daily (except Sun.)</subfield></datafield><datafield ind1="0" ind2=" " tag="362"><subfield code="a">Vol. 1, no. 1 (Dec. 31, 1906)-v. 7, no. 130 (May 31, 1913).</subfield></datafield><datafield ind1=" " ind2=" " tag="500"><subfield code="a">Published as: Berkeley reporter and the Berkeley independent, Dec. 29, 1909-Jan. 5, 1910.</subfield></datafield><datafield ind1=" " ind2="0" tag="651"><subfield code="a">Berkeley (Calif.)</subfield><subfield code="v">Newspapers.</subfield></datafield><datafield ind1=" " ind2="7" tag="655"><subfield code="a">Newspapers.</subfield><subfield code="2">fast</subfield><subfield code="0">(OCoLC)fst01423814</subfield></datafield><datafield ind1=" " ind2="7" tag="651"><subfield code="a">California</subfield><subfield code="z">Berkeley.</subfield><subfield code="2">fast</subfield><subfield code="0">(OCoLC)fst01205020</subfield></datafield><datafield ind1=" " ind2=" " tag="752"><subfield code="a">United States</subfield><subfield code="b">California</subfield><subfield code="c">Alameda</subfield><subfield code="d">Berkeley.</subfield></datafield><datafield ind1="0" ind2="5" tag="780"><subfield code="t">Berkeley reporter (Berkeley, Calif. : Daily)</subfield><subfield code="w">(DLC)sn 94052987</subfield></datafield><datafield ind1="0" ind2="4" tag="785"><subfield code="t">Daily news (San Francisco, Calif. : 1903)</subfield><subfield code="w">(DLC)sn 89070058</subfield></datafield></record>